<?xml version="1.0" encoding="UTF-8"?><collection xmlns="http://www.loc.gov/MARC21/slim"><record><leader>00643nam--2200181-i-4500</leader><controlfield tag="001">000028076</controlfield><controlfield tag="002">20161230</controlfield><controlfield tag="005">20161230201037</controlfield><controlfield tag="008">060222s1000------------r-----000-0-fre-d</controlfield><datafield ind1=" " ind2=" " tag="040"><subfield code="a">IFIN-HH</subfield></datafield><datafield ind1=" " ind2=" " tag="041"><subfield code="a">fre</subfield></datafield><datafield ind1=" " ind2=" " tag="080"><subfield code="a">539.12.17:539.1.074(043)</subfield></datafield><datafield ind1="1" ind2=" " tag="100"><subfield code="a">Kryn, Didier</subfield></datafield><datafield ind1="1" ind2="0" tag="245"><subfield code="a">Etude d`un detecteur comportant un calorimetre electromagnetique,un calorimetre hadronique et des chambres proportionnelles multifil pour l`etude des collisions proton-antiproton a radical de s=540 gev</subfield><subfield code="b">These</subfield><subfield code="c">Didier kryn</subfield></datafield><datafield ind1=" " ind2=" " tag="260"><subfield code="a">Paris</subfield><subfield code="b">Universite De Paris-sud</subfield><subfield code="c">1980</subfield></datafield><datafield ind1=" " ind2=" " tag="300"><subfield code="a">129P</subfield></datafield><datafield ind1=" " ind2=" " tag="852"><subfield code="a">70631</subfield><subfield code="c">539.12</subfield></datafield><datafield ind1=" " ind2=" " tag="CAT"><subfield code="a">Sys</subfield><subfield code="c">20111209</subfield><subfield code="h">104633</subfield></datafield></record></collection>